<record><leader>00000cas a2200000 a 4500</leader><controlfield tag="001">13755962</controlfield><controlfield tag="008">860620c19309999nyumr ne      0   b0lit  </controlfield><datafield ind1=" " ind2=" " tag="010"><subfield code="a">sn 86071641 </subfield><subfield code="z">sn 78001112 </subfield></datafield><datafield ind1=" " ind2=" " tag="040"><subfield code="a">DLC</subfield><subfield code="b">eng</subfield><subfield code="c">DLC</subfield><subfield code="d">NYS</subfield><subfield code="d">SLU</subfield><subfield code="d">CVF</subfield><subfield code="d">DLC</subfield><subfield code="d">IUL</subfield><subfield code="d">NYS</subfield><subfield code="d">DLC</subfield><subfield code="d">OCLCQ</subfield><subfield code="d">DLC</subfield><subfield code="d">OCLCQ</subfield><subfield code="d">DLC</subfield><subfield code="d">OCLCQ</subfield><subfield code="d">OCLCF</subfield></datafield><datafield ind1=" " ind2=" " tag="012"><subfield code="k">1</subfield><subfield code="l">1</subfield><subfield code="m">1</subfield></datafield><datafield ind1=" " ind2=" " tag="019"><subfield code="a">3944928</subfield></datafield><datafield ind1="1" ind2=" " tag="022"><subfield code="a">0040-7372</subfield><subfield code="l">0040-7372</subfield><subfield code="2">1</subfield></datafield><datafield ind1="1" ind2=" " tag="029"><subfield code="a">AU@</subfield><subfield code="b">000020623331</subfield></datafield><datafield ind1="1" ind2=" " tag="029"><subfield code="a">AU@</subfield><subfield code="b">000021896182</subfield></datafield><datafield ind1=" " ind2=" " tag="032"><subfield code="a">536760</subfield><subfield code="b">USPS</subfield></datafield><datafield ind1=" " ind2=" " tag="037"><subfield code="b">Tiesa, 104-07 102nd St., Ozone Park, N.Y. 11417</subfield></datafield><datafield ind1="0" ind2=" " tag="041"><subfield code="a">lit</subfield><subfield code="a">eng</subfield></datafield><datafield ind1=" " ind2=" " tag="042"><subfield code="a">pcc</subfield><subfield code="a">nsdp</subfield></datafield><datafield ind1=" " ind2=" " tag="043"><subfield code="a">n-us-ny</subfield></datafield><datafield ind1="0" ind2="0" tag="050"><subfield code="a">Newspaper</subfield></datafield><datafield ind1="0" ind2=" " tag="130"><subfield code="a">Tiesa (Brooklyn, New York, N.Y.)</subfield></datafield><datafield ind1=" " ind2="0" tag="222"><subfield code="a">Tiesa</subfield></datafield><datafield ind1="1" ind2="0" tag="245"><subfield code="a">Tiesa =</subfield><subfield code="b">The Truth.</subfield></datafield><datafield ind1="3" ind2="1" tag="246"><subfield code="a">Truth</subfield></datafield><datafield ind1=" " ind2=" " tag="260"><subfield code="a">Brooklyn, N.Y. :</subfield><subfield code="b">Association of Lithuanian Workers</subfield></datafield><datafield ind1=" " ind2=" " tag="300"><subfield code="a">volumes :</subfield><subfield code="b">illustrations ;</subfield><subfield code="c">41 cm</subfield></datafield><datafield ind1=" " ind2=" " tag="310"><subfield code="a">Monthly,</subfield><subfield code="b">&lt;Sept. 1, 1958-Dec. 1992&gt;</subfield></datafield><datafield ind1=" " ind2=" " tag="321"><subfield code="a">Semimonthly,</subfield><subfield code="b">&lt;Aug. 15, 1932-May 1, 1945&gt;</subfield></datafield><datafield ind1=" " ind2=" " tag="336"><subfield code="a">text</subfield><subfield code="b">txt</subfield><subfield code="2">rdacontent</subfield></datafield><datafield ind1=" " ind2=" " tag="337"><subfield code="a">unmediated</subfield><subfield code="b">n</subfield><subfield code="2">rdamedia</subfield></datafield><datafield ind1=" " ind2=" " tag="338"><subfield code="a">volume</subfield><subfield code="b">nc</subfield><subfield code="2">rdacarrier</subfield></datafield><datafield ind1="1" ind2=" " tag="362"><subfield code="a">Began in 1930.</subfield></datafield><datafield ind1=" " ind2=" " tag="500"><subfield code="a">Published: Ozone Park, N.Y., -&lt;1992&gt;.</subfield></datafield><datafield ind1=" " ind2=" " tag="530"><subfield code="a">Also issued on microfilm by the Library of Congress, Photoduplication Service.</subfield></datafield><datafield ind1=" " ind2=" " tag="546"><subfield code="a">In Lithuanian, 1930- ; mostly in Lithuanian, with an English section, &lt;Mar. 1, 1976-Dec. 1, 1980&gt;; mostly in English, -&lt;Dec. 1992&gt;.</subfield></datafield><datafield ind1=" " ind2=" " tag="588"><subfield code="a">Description based on: M. 3, no. 15 (rugp. 15, 1932).</subfield></datafield><datafield ind1=" " ind2=" " tag="588"><subfield code="a">Latest issue consulted: Vol. 62, no. 12 (Dec. 1992).</subfield></datafield><datafield ind1=" " ind2="0" tag="650"><subfield code="a">Lithuanians</subfield><subfield code="z">United States</subfield><subfield code="v">Newspapers.</subfield></datafield><datafield ind1=" " ind2="0" tag="651"><subfield code="a">Brooklyn (New York, N.Y.)</subfield><subfield code="v">Newspapers.</subfield></datafield><datafield ind1=" " ind2="0" tag="651"><subfield code="a">Ozone Park (New York, N.Y.)</subfield><subfield code="v">Newspapers.</subfield></datafield><datafield ind1=" " ind2="0" tag="651"><subfield code="a">Richmond Hill (New York, N.Y.)</subfield><subfield code="v">Newspapers.</subfield></datafield><datafield ind1=" " ind2="0" tag="651"><subfield code="a">Middletown (Orange County, N.Y.)</subfield><subfield code="v">Newspapers.</subfield></datafield><datafield ind1=" " ind2="0" tag="651"><subfield code="a">Kings County (N.Y.)</subfield><subfield code="v">Newspapers.</subfield></datafield><datafield ind1=" " ind2="7" tag="655"><subfield code="a">Newspapers.</subfield><subfield code="2">fast</subfield><subfield code="0">(OCoLC)fst01423814</subfield></datafield><datafield ind1=" " ind2="7" tag="650"><subfield code="a">Lithuanians.</subfield><subfield code="2">fast</subfield><subfield code="0">(OCoLC)fst01000435</subfield></datafield><datafield ind1=" " ind2="7" tag="651"><subfield code="a">New York (State)</subfield><subfield code="z">Kings County.</subfield><subfield code="2">fast</subfield><subfield code="0">(OCoLC)fst01220099</subfield></datafield><datafield ind1=" " ind2="7" tag="651"><subfield code="a">New York (State)</subfield><subfield code="z">Middletown (Orange County)</subfield><subfield code="2">fast</subfield><subfield code="0">(OCoLC)fst01735512</subfield></datafield><datafield ind1=" " ind2="7" tag="651"><subfield code="a">New York (State)</subfield><subfield code="z">New York</subfield><subfield code="z">Brooklyn.</subfield><subfield code="2">fast</subfield><subfield code="0">(OCoLC)fst01312516</subfield></datafield><datafield ind1=" " ind2="7" tag="651"><subfield code="a">New York (State)</subfield><subfield code="z">New York</subfield><subfield code="z">Ozone Park.</subfield><subfield code="2">fast</subfield><subfield code="0">(OCoLC)fst01321689</subfield></datafield><datafield ind1=" " ind2="7" tag="651"><subfield code="a">New York (State)</subfield><subfield code="z">New York</subfield><subfield code="z">Richmond Hill.</subfield><subfield code="2">fast</subfield><subfield code="0">(OCoLC)fst01323590</subfield></datafield><datafield ind1=" " ind2="7" tag="651"><subfield code="a">United States.</subfield><subfield code="2">fast</subfield><subfield code="0">(OCoLC)fst01204155</subfield></datafield><datafield ind1=" " ind2=" " tag="752"><subfield code="a">United States</subfield><subfield code="b">New York</subfield><subfield code="c">Kings</subfield><subfield code="d">Brooklyn.</subfield></datafield><datafield ind1=" " ind2=" " tag="752"><subfield code="a">United States</subfield><subfield code="b">New York</subfield><subfield code="c">Queens</subfield><subfield code="d">Ozone Park.</subfield></datafield><datafield ind1=" " ind2=" " tag="752"><subfield code="a">United States</subfield><subfield code="b">New York</subfield><subfield code="d">New York.</subfield></datafield></record>